@article{hammer1945,
    author = {Sigmund Hammer},
    title = {ESTIMATING ORE MASSES IN GRAVITY PROSPECTING},
    journal = {GEOPHYSICS},
    volume = {10},
    number = {1},
    pages = {50-62},
    year = {1945},
    doi = {10.1190/1.1437147}
}

@article{skeels1947,
    author = {D. C. Skeels},
    title = {AMBIGUITY IN GRAVITY INTERPRETATION},
    journal = {GEOPHYSICS},
    volume = {12},
    number = {1},
    pages = {43-56},
    year = {1947},
    doi = {10.1190/1.1437295}
}

@article{henderson-zietz1949,
    author = {Roland G. Henderson and Isidore Zietz},
    title = {THE UPWARD CONTINUATION OF ANOMALIES IN TOTAL MAGNETIC INTENSITY FIELDS},
    journal = {GEOPHYSICS},
    volume = {14},
    number = {4},
    pages = {517-534},
    year = {1949},
    doi = {10.1190/1.1437560}
}

@article{garland1951,
    author = {G. D. Garland},
    title = {Combined analysis of gravity and magnetic anomalies},
    journal = {GEOPHYSICS},
    volume = {16},
    number = {1},
    pages = {51-62},
    year = {1951},
    doi = {10.1190/1.1437650}
}

@article{baranov1957,
    author = {Baranov, V.},
    title = {A new method for interpretation of aeromagnetic maps: Pseudo-gravimetric anomalies},
    journal = {Geophysics},
    volume = {22},
    number = {2},
    pages = {359-382},
    year = {1957},
    doi = {10.1190/1.1438369}
}

@book{macmillan1958,
	title = {Theory of the {Potential}},
	isbn = {0-486-60486-1},
	publisher = {Dover Publications Inc.},
	author = {Macmillan, W. D.},
	year = {1958}
}

@article{henderson1960,
    author = {Roland G. Henderson},
    title = {A comprehensive system of automatic computation in magnetic and gravity interpretation},
    journal = {GEOPHYSICS},
    volume = {25},
    number = {3},
    pages = {569-585},
    year = {1960},
    doi = {10.1190/1.1438736}
}

@article {danes1962,
    author = {Dane\v{s}, Z. F.},
    title = {Structure calculations from gravity data and density logs},
    journal = {Transactions of the Society of Mining Engineers of AIME},
    volume = {223},
    pages = {23-29},
    year = {1962}
}

@article{roy1962,
	author = {Roy, A.},
	title = {Ambiguity in geophysical interpretation},
	journal = {Geophysics},
	volume = {27},
	number = {1},
	pages = {90-99},
	year = {1962},
	doi = {10.1190/1.1438985}
}

@article{bhattacharyya1966,
	author = {B. K. Bhattacharyya},
	title = {A method for computing the total magnetization vector and the dimensions of a rectangular block shaped from magnetic anomalies},
	journal = {Geophysics},
	volume = {31},
	number = {1},
	pages = {74-96},
	year = {1966},
	doi = {10.1190/1.1439765}	
}

@book{kellogg1967,
	author = {Kellogg, O. D.},
	Title = {Foundations of Potential Theory},
	Publisher = {Springer-Verlag},
	Year = {1967},
	edition = {reprint from the first edition of 1929},
	isbn = {978-3-642-86750-7}
}

@article{dampney1969,
	author = {Dampney, C. N. G.},
	title = {The equivalent source technique},
	journal = {Geophysics},
	volume = {34},
	number = {1},
	pages = {39-53},
	year = {1969},
	doi = {10.1190/1.1439996}
	
}

@article{emilia1973,
	author = {Emilia, D. A.},
	title = {Equivalent sources used as an analytic base for processing total magnetic field profiles},
	journal = {Geophysics},
	volume = {38},
	number = {2},
	pages = {339-348},
	year = {1973},
	doi = {10.1190/1.1440344}
}

@article{lourenco_morrison_1973,
	author = {José Seixas Lourenco and H. Frank Morrison},
	title = {VECTOR MAGNETIC ANOMALIES DERIVED FROM MEASUREMENTS OF A SINGLE COMPONENT OF THE FIELD},
	journal = {Geophysics},
	volume = {38},
	number = {2},
	pages = {359-368},
	year = {1973},
	doi = {10.1190/1.1440346},
	
}

@book{lawson_hanson_1974,
	author = {C. L. Lawson and R. J. Hanson},
	title = {Solving least squares problems},
	publisher = {SIAM},
	year = {1974}
}

@article{emilia_massey_1974,
	author = {David A. Emilia and Robert L. Massey},
	title = {MAGNETIZATION ESTIMATION FOR NONUNIFORMLY MAGNETIZED SEAMOUNTS},
	journal = {Geophysics},
	volume = {39},
	number = {2},
	pages = {223-231},
	year = {1974},
	doi = {10.1190/1.1440423},
}

@Book{jackson1975,
	author = {John David Jackson},
	title = {Classical Electrodynamics},
	publisher = {Chapman and Hall},
	isbn = {0-471-43132-X},
	edition = {2},
	year = {1975}
}

@BOOK{goldstein1980 ,
	author = {H. Goldstein, C. P. Poole Jr., and J. L. Safko },
	title = { Classical mechanics},
	publisher = {Addison-Wesley},
	year = {1980}
	
}

@article{passchier_1982,
title = "Pseudotachylyte and the development of ultramylonite bands in the {Saint-Barth{\'e}lemy Massif, French Pyrenees}",
journal = "Journal of Structural Geology",
volume = "4",
number = "1",
pages = "69 - 79",
year = "1982",
issn = "0191-8141",
doi = "https://doi.org/10.1016/0191-8141(82)90008-6",
author = "C.W. Passchier",
}

@Book{collinson1983,
	author = {Collinson, D.W.},
	title = {Methods in rock magnetism and palaeomagnetism
	techniques and instrumentation},
	publisher = {Chapman and Hall},
	isbn = {978-94-015-3979-1},
	year = {1983}
}

@article{hansen_miyazaki1984,
	author = {R. O. Hansen and Y. Miyazaki},
	title = {Continuation of potential fields between arbitrary surfaces},
	journal = {Geophysics},
	volume = {49},
	number = {6},
	pages = {787-795},
	year = {1984},
	doi = {10.1190/1.1441707}
}

@article{silva_1986,
	author = {Silva, J. B. C.},
	title = {Reduction to the pole as an inverse problem and its application to low-latitude anomalies},
	journal = {Geophysics},
	volume = {51},
	number = {2},
	pages = {369-382},
	year = {1986},
	doi = {10.1190/1.1442096}
}

@article{parker_etal_1987,
	author = {R. L. Parker and L. Shure and J. A. Hildebrand},
	title = {The application of inverse theory to seamount magnetism},
	journal = {Reviews of Geophysics},
	volume = {25},
	number = {1},
	pages = {17-40},
	year = {1987},
	doi = {10.1029/RG025i001p00017}
}

@article{leao-silva_1989,
	author = {J. W. D. Le{\~a}o and J. B. C. Silva},
	title = {Discrete linear transformations of potential field data},
	journal = {Geophysics},
	volume = {54},
	number = {4},
	pages = {497-507},
	year = {1989},
	doi = {10.1190/1.1442676}
}

@article{pedersen_rasmussen1990,
	author = {L. B. Pedersen and T. M. Rasmussen},
	title = {The gradient tensor of potential field anomalies: Some implications on data collection and data processing of maps},
	journal = {Geophysics},
	volume = {55},
	number = {12},
	pages = {1558-1566},
	year = {1990},
	doi = {10.1190/1.1442807}
}

@ARTICLE{pedersen1991,
	author = {L. B. Pedersen},
	title = {Relations between potential fields and some equivalent sources},
	journal = {Geophysics},
	volume = {56},
	number = {7},
	pages = {961-971},
	year = {1991},
	doi = {10.1190/1.1443129}
}

@article{cordell_1992,
	author = {Lindrith Cordell},
	title = {A scattered equivalent-source method for interpolation and gridding of potential-field data in three dimensions},
	journal = {Geophysics},
	volume = {57},
	number = {4},
	pages = {629-636},
	year = {1992},
	doi = {10.1190/1.1443275}
}

@article{pilkington_grieve_1992,
author = {Pilkington, M. and Grieve, R. A. F.},
title = {The geophysical signature of terrestrial impact craters},
journal = {Reviews of Geophysics},
volume = {30},
number = {2},
pages = {161-181},
doi = {10.1029/92RG00192},
year = {1992}
}


@article{hansen-oleary1993,
	author = {Hansen, P. and {O'Leary}, D.},
	title = {The use of the {L-Curve} in the regularization of discrete ill-posed problems},
	journal = {SIAM Journal on Scientific Computing},
	volume = {14},
	number = {6},
	pages = {1487-1503},
	year = {1993},
	doi = {10.1137/0914086}
}

@article{fedi_etal_1994,
	author = {M. Fedi and G. Florio and A. Rapolla},
	title = {A method to estimate the total magnetization direction from a distortion analysis of magnetic anomalies1},
	journal = {Geophysical Prospecting},
	volume = {42},
	number = {3},
	pages = {261-274},
	year = {1994},
	doi = {10.1111/j.1365-2478.1994.tb00209.x}
}

@article{mendonca-silva_1994,
	author = {Mendon{\c c}a, C. A. and Silva, J. B. C.},
	title = {The equivalent data concept applied to the interpolation of potential field data},
	journal = {Geophysics},
	volume = {59},
	number = {5},
	pages = {722-732},
	year = {1994},
	doi = {10.1190/1.1443630}
}

@article{medeiros_silva_1995,
	author = {W. E. Medeiros and J. B. C. Silva},
	title = {Simultaneous estimation of total magnetization direction and 3-D spatial orientation},
	journal = {Geophysics},
	volume = {60},
	number = {5},
	pages = {1365-1377},
	year = {1995},
	doi = {10.1190/1.1443872}
	
}

@article{medeiros_silva_1995,
	author = {W. E. Medeiros and J. B. C. Silva},
	title = {Simultaneous estimation of total magnetization direction and 3-D spatial orientation},
	journal = {Geophysics},
	volume = {60},
	number = {5},
	pages = {1365-1377},
	year = {1995},
	doi = {10.1190/1.1443872}
	
}

@book{blakely1996,
  Author = {Richard J. Blakely},
  Title = {Potential Theory in Gravity and Magnetic Applications},
  Publisher = {Cambridge University Press},
  Year = {1996},
  ISBN = {0521575478}
}

@article{medeiros_silva1996,
	author = {Walter E. Medeiros and João B. C. Silva},
	title = {Geophysical inversion using approximate equality constraints},
	journal = {Geophysics},
	volume = {61},
	number = {6},
	pages = {1678-1688},
	year = {1996},
	doi = {10.1190/1.1444086},
	
}

@article{clark1997,
	title={Magnetic petrophysics and magnetic petrology: aids to geological interpretation of magnetic surveys},
	volume={17},
	journal={AGSO Journal of Australian Geology and Geophysics},
	author={Clark, D.A.},
	year = {1997},
	pages={83--104},
	publisher={AUSTRALIAN GOVERNMENT PUBLISHING SERVICE},
	
}

@Book{dunlop1997,
	author = "David J. Dunlop and Özdemir",
	title = {Rock Magnetism}, 
	publisher = {Cambridge University Press}, 
	year = {1997},
	isbn = {9780511612794}, 
	note = {Cambridge Books Online}
}

@Book{butler1998,
	author = {Butler, Robert F.},
	title = {Paleomagnetism: Magnetic domains to geologic terranes},
	publisher = {Univertsity of Arizona},
	year = {1998}
}

@article{pilkington_hildebrand_2003,
author = {Pilkington, Mark and Hildebrand, Alan R.},
title = {Transient and disruption cavity dimensions of complex terrestrial impact structures derived from magnetic data},
journal = {Geophysical Research Letters},
volume = {30},
number = {21},
pages = {},
doi = {10.1029/2003GL018294},
year = {2003}
}

@article{lana_etal_2003,
	author = {Lana, Cristiano and Gibson, Roger L. and Reimold, Wolf U. and Minnitt, Richard C.A.},
	title = "{Geology and geochemistry of a granite-greenstone association in the southeastern {Vredefort} dome, {South Africa}}",
	journal = {South African Journal of Geology},
	volume = {106},
	number = {4},
	pages = {291-314},
	year = {2003},
	month = {12},
	issn = {1012-0750},
	doi = {10.2113/106.4.291}	
}

@article{dressler_reimold_2004,
title = "Order or chaos? Origin and mode of emplacement of breccias in floors of large impact structures",
journal = "Earth-Science Reviews",
volume = "67",
number = "1",
pages = "1 - 54",
year = "2004",
issn = "0012-8252",
doi = "https://doi.org/10.1016/j.earscirev.2004.01.007",
author = "B.O. Dressler and W.U. Reimold"
}

@book{aster2005,
	Author = {Richard C. Aster and Brian Borchers and Clifford H. Thurber},
	Title = {Parameter Estimation and Inverse Problems (International Geophysics)},
	Publisher = {Academic Press},
	Year = {2005},
	ISBN = {0120656043}
}

@article{carporzen_etal_2005,
title = "Palaeomagnetism of the {Vredefort} meteorite crater and implications for craters on {Mars}",
journal = "Nature",
volume = "435",
pages = "198–201",
year = "2005",
doi = "10.1038/nature03560",
author = "Carporzen, L. and Gilder, S. and Hart, R",
}

@article{junqueira_brod_2005,
	title = "Kamafugitic diatremes: their textures and field relationships with examples from the Goi{\'a}s alkaline province, Brazil",
	journal = "Journal of South American Earth Sciences",
	volume = "18",
	number = "3",
	pages = "337 - 353",
	year = "2005",
	note = "Volcanic rocks in Brazil through time and different tectonic settings",
	issn = "0895-9811",
	doi = "10.1016/j.jsames.2004.11.002",
	author = "T. C. Junqueira-Brod and J. C. Gaspar and J. A. Brod and C. V. Kafino"
	
}

@article{nabighian_etal_2005,
	author = {M. N. Nabighian and V. J. S. Grauch and R. O. Hansen and T. R. LaFehr and Y. Li and J. W. Peirce and J. D. Phillips and M. E. Ruder},
	title = {The historical development of the magnetic method in exploration},
	journal = {Geophysics},
	volume = {70},
	number = {6},
	pages = {33ND-61ND},
	year = {2005},
	doi = {10.1190/1.2133784},
	
}

@article{kubota2005,
	author={K. Ryuji and A. Uchiyama},
	title={Three-dimensional magnetization vector inversion of a seamount},
	journal={Earth, Planets and Space},
	year={2005},
	month={Aug},
	day={01},
	volume={57},
	number={8},
	pages={691-699},
	doi={10.1186/BF03351849},
}

@article{phillips2005,
	author={D. J. Phillips},
	title={Can we estimate total magnetization directions from aeromagnetic data using {Helbig's} integrals?},
	journal={Earth, Planets and Space},
	year={2005},
	month={Aug},
	day={01},
	volume={57},
	number={8},
	pages={681--689},
	issn={1880-5981},
	doi={10.1186/BF03351848},
	
}

@article{dannemiller_li_2006,
	author = {N. Dannemiller and Y. Li},
	title = {A new method for determination of magnetization direction},
	journal = {Geophysics},
	volume = {71},
	number = {6},
	pages = {L69-L73},
	year = {2006},
	doi = {10.1190/1.2356116},
	
}

@article{carlson_etal_2007,
	title = "Chemical and isotopic relationships between peridotite xenoliths and mafic–ultrapotassic rocks from Southern Brazil",
	journal = "Chemical Geology",
	volume = "242",
	number = "3",
	pages = "415 - 434",
	year = "2007",
	issn = "0009-2541",
	doi = "10.1016/j.chemgeo.2007.04.009",
	author = "R. W. Carlson and A. L. N. Araujo and T. C. Junqueira-Brod and J. C. Gaspar and J. A. Brod and I. A. Petrinovic and M. H. B. M. Hollanda and M. M. Pimentel and S. Sichel"
}

@article{silvadias_etal_2007,
	author = {Fernando J. {Silva Dias} and Valeria C. Barbosa and Jo{\~a}o B. Silva},
	title = {{2D} gravity inversion of a complex interface in the presence of interfering sources},
	journal = {Geophysics},
	volume = {72},
	number = {2},
	pages = {I13-I22},
	year = {2007},
	doi = {10.1190/1.2424545},
	
}

@article {weiss2007,
	author = {Weiss, Benjamin P. and Lima, Eduardo A. and Fong, Luis E. and Baudenbacher, Franz J.},
	title = {Paleomagnetic analysis using {SQUID} microscopy},
	journal = {Journal of Geophysical Research: Solid Earth},
	volume = {112},
	number = {B9},
	issn = {2156-2202},
	doi = {10.1029/2007JB004940},
	pages = {B09105},
	year = {2007}
}

@article{tontini_pedersen_2008,
	author = {F. C. Tontini and L. B. Pedersen},
	title = {Interpreting magnetic data by integral moments},
	journal = {Geophysical Journal International},
	volume = {174},
	number = {3},
	pages = {815-824},
	year = {2008},
	doi = {10.1111/j.1365-246X.2008.03872.x},
}

@article{lima_weiss_2009,
	author = {Lima, Eduardo A. and Weiss, Benjamin P.},
	title = {Obtaining vector magnetic field maps from single-component measurements of geological samples},
	journal = {Journal of Geophysical Research: Solid Earth},
	volume = {114},
	number = {B6},
	pages = {},
	keywords = {vector magnetic maps, magnetic inverse problem, scanning magnetometry},
	doi = {10.1029/2008JB006006},
	year = {2009}
	
}

@article{gerovska_etal_2009,
	author = {Gerovska, Daniela and Ara{\'u}zo-Bravo, Marcos J. and Stavrev, Petar},
	title = {Estimating the magnetization direction of sources from southeast Bulgaria through correlation between reduced-to-the-pole and total magnitude anomalies},
	journal = {Geophysical Prospecting},
	volume = {57},
	number = {4},
	pages = {491-505},
	doi = {10.1111/j.1365-2478.2008.00761.x},
	year = {2009}
}

@article{lelievre_oldenburg_2009,
	author = {P. G. Leli{\'e}vre and D. W. Oldenburg},
	title = {A 3D total magnetization inversion applicable when significant, complicated remanence is present},
	journal = {Geophysics},
	volume = {74},
	number = {3},
	pages = {L21-L30},
	year = {2009},
	doi = {10.1190/1.3103249},
}

@article{guspi-novara_2009,
	author={Fernando Gusp\'{i} and Iv\'{a}n Novara},
	title = {Reduction to the pole and transformations of scattered magnetic data using Newtonian equivalent sources},
	journal = {Geophysics},
	volume = {74},
	number = {5},
	pages = {L67-L73},
	year = {2009},
	doi = {10.1190/1.3170690}
}

@article{li_oldenburg_2010,
	author={Yaoguo Li and Douglas W. Oldenburg},
	title = {Rapid construction of equivalent sources using wavelets},
	journal = {Geophysics},
	volume = {75},
	number = {3},
	pages = {L51-L59},
	year = {2010},
	doi = {10.1190/1.3378764}
}

@article{silva-etal2010,
    author = {Silva, Jo{\~ a}o B. C. and Vasconcelos, Suzan S. and Barbosa, Valeria C. F.},
    title = {Apparent-magnetization mapping using entropic regularization},
    journal = {Geophysics},
    volume = {75},
    number = {2},
    pages = {L39-L50},
    year = {2010},
    month = {04},
    issn = {0016-8033},
    doi = {10.1190/1.3358160}
}

@article{barnes-lumley_2011,
	author={Gary Barnes and John Lumley},
	title = {Processing gravity gradient data},
	journal = {Geophysics},
	volume = {76},
	number = {2},
	pages = {I33-I47},
	year = {2011},
	doi = {10.1190/1.3548548}
}

@article{baratchart2013,
	title = {Characterizing kernels of operators related to thin-plate magnetizations via generalizations of {Hodge} decompositions},
	volume = {29},
	issn = {0266-5611},
	doi = {10.1088/0266-5611/29/1/015004},
	number = {1},
	journal = {Inverse Problems},
	author = {Baratchart, L. and Hardin, D. P. and Lima, E. A. and Saff, E. B. and Weiss, B. P.},
	month = jan,
	year = {2013},
	pages = {015004}
	
}

@article{marangoni_mantovani_2013,
	title = "Geophysical signatures of the alkaline intrusions bordering the {Paran{\'a}} Basin",
	journal = "Journal of South American Earth Sciences",
	volume = "41",
	pages = "83 - 98",
	year = "2013",
	note = "Alkaline Magmatism and the Lithospheric Mantle : a special issue in honour of the work of Celso de Barros Gomes on the occasion of his 77th birthday",
	issn = "0895-9811",
	doi = "10.1016/j.jsames.2012.08.004",
	author = "Y. R. Marangoni and M. S.M. Mantovani"
}

@article {lima2013,
	author = {Lima, Eduardo A. and Weiss, Benjamin P. and Baratchart, Laurent and Hardin, Douglas P. and Saff, Edward B.},
	title = {Fast inversion of magnetic field maps of unidirectional planar geological magnetization},
	journal = {J. Geophys. Res.: Solid Earth},
	volume = {118},
	number = {6},
	doi = {10.1002/jgrb.50229},
	pages = {2723-2752},
	year = {2013}
}

@ARTICLE{li_etal_2014,
	author = {Yaoguo Li and Misac Nabighian and Douglas W. Oldenburg},
	title = {Using an equivalent source with positivity for low-latitude reduction to the pole without striation},
	journal = {Geophysics},
	volume = {79},
	number = {6},
	pages = {J81-J90},
	year = {2014},
	doi = {10.1190/geo2014-0134.1}
}

@article{li_li_2014,
	author = {Shu-Ling Li and Yaoguo Li},
	title = {Inversion of magnetic anomaly on rugged observation surface in the presence of strong remanent magnetization},
	journal = {Geophysics},
	volume = {79},
	number = {2},
	pages = {J11-J19},
	year = {2014},
	doi = {10.1190/geo2013-0126.1},
	
}

@article{dutra_etal_2014,
	title = {Aeromagnetic and physical-chemical properties of some complexes from Goi{\'a}s {Alkaline} {Province}},
	journal = {{Brazilian Journal of Geology}},
	author={A. C. Dutra and Y. Marangoni and R. I. F. Trindade},
	ISSN = {2317-4889},
	language = {en},
	doi = {10.5327/Z2317-4889201400030003},
	volume = {44},
	year = {2014},
	month = {09},
	pages = {361 - 373},
	publisher = {scielo},
	crossref = {10.5327/Z2317-4889201400030003}
}

@article{liu_etal_2015,
	author = {Shuang Liu and Xiangyun Hu and Yufei Xi and Tianyou Liu and Shan Xu},
	title = {{2D} sequential inversion of total magnitude and total magnetic anomaly data affected by remanent magnetization},
	journal = {Geophysics},
	volume = {80},
	number = {3},
	pages = {K1-K12},
	year = {2015},
	doi = {10.1190/geo2014-0019.1},
	
}

@article{yokoyama_etal_2015,
title = "Hydrothermal alteration in basalts from Vargeão impact structure, south Brazil, and implications for recognition of impact-induced hydrothermalism on Mars",
journal = "Icarus",
volume = "252",
pages = "347 - 365",
year = "2015",
issn = "0019-1035",
doi = "https://doi.org/10.1016/j.icarus.2015.02.001",
author = "Elder Yokoyama and Anne N{\'e}d{\'e}lec and David Baratoux and Ricardo I.F. Trindade and S{\'e}bastien Fabre and Gilles Berger",
}

@article{lima_weiss_2016,
	author = {Lima, Eduardo A. and Weiss, Benjamin P.},
	title = {Ultra-high sensitivity moment magnetometry of geological samples using magnetic microscopy},
	journal = {Geochemistry, Geophysics, Geosystems},
	volume = {17},
	number = {9},
	pages = {3754-3774},
	keywords = {magnetic moment, magnetic microscopy, paleomagnetism, inverse problem},
	doi = {10.1002/2016GC006487},
	year = {2016}
}

@article{marangoni_etal_2016,
	author = {Y. Marangoni and H. Zhang and H. Ferreira},
	title = {Gravity and magnetic integrated data interpretation of the c{\'o}rrego dos bois complex, Goi{\'a}s alkaline  province, central brazil},
	journal = {Revista Brasileira de Geof{\'i}sica},
	volume = {33},
	number = {4},
	year = {2016},
	keywords = {Brazilian alkaline, gravity anomaly, magnetic anomaly, inversion method, forward modeling.},
	issn = {1809-4511},	
	pages = {599--610},
	doi = {10.22564/rbgf.v33i4.756}
}

@article{martinez_li_2016,
	author = {Cericia Martinez and Yaoguo Li},
	title = {Denoising of gravity gradient data using an equivalent source technique},
	journal = {Geophysics},
	volume = {81},
	number = {4},
	pages = {G67-G79},
	year = {2016},
	doi = {10.1190/geo2015-0379.1},
	
}

@article{li_etal_2017,
	title = {An approach for estimating the magnetization direction of magnetic anomalies},
	journal = {Journal of Applied Geophysics},
	volume = {137},
	pages = {1-7},
	year = {2017},
	issn = {0926-9851},
	doi = {https://doi.org/10.1016/j.jappgeo.2016.12.009},
	author = {Jinpeng Li and Yingtang Zhang and Gang Yin and Hongbo Fan and Zhining Li},
	
}

@article{zhang_etal_2018,
	author = {H. Zhang  and  D. Ravat  and  Y. R. Marangoni  and  G. Chen  and  X. Hu },
	title = {Improved total magnetization direction determination by correlation of the normalized source strength derivative and the RTP fields},
	journal = {Geophysics},
	volume = {83},
	number = {6},
	pages = {J75-J85},
	year = {2018},
	doi = {10.1190/geo2017-0178.1}
}
