@book{kellogg1929,
  author = {Kellogg, O. D.},
  Title = {Foundations of Potential Theory},
  Publisher = {Frederick Ungar Publishing Company},
  Year = {1929}
}

@article{hammer1945,
    author = {Sigmund Hammer},
    title = {ESTIMATING ORE MASSES IN GRAVITY PROSPECTING},
    journal = {GEOPHYSICS},
    volume = {10},
    number = {1},
    pages = {50-62},
    year = {1945},
    doi = {10.1190/1.1437147}
}

@article{skeels1947,
    author = {D. C. Skeels},
    title = {AMBIGUITY IN GRAVITY INTERPRETATION},
    journal = {GEOPHYSICS},
    volume = {12},
    number = {1},
    pages = {43-56},
    year = {1947},
    doi = {10.1190/1.1437295}
}

@article{henderson-zietz1949,
    author = {Roland G. Henderson and Isidore Zietz},
    title = {THE UPWARD CONTINUATION OF ANOMALIES IN TOTAL MAGNETIC INTENSITY FIELDS},
    journal = {GEOPHYSICS},
    volume = {14},
    number = {4},
    pages = {517-534},
    year = {1949},
    doi = {10.1190/1.1437560}
}

@article{garland1951,
    author = {G. D. Garland},
    title = {Combined analysis of gravity and magnetic anomalies},
    journal = {GEOPHYSICS},
    volume = {16},
    number = {1},
    pages = {51-62},
    year = {1951},
    doi = {10.1190/1.1437650}
}

@article{baranov1957,
    author = {Baranov, V.},
    title = {A new method for interpretation of aeromagnetic maps: Pseudo-gravimetric anomalies},
    journal = {Geophysics},
    volume = {22},
    number = {2},
    pages = {359-382},
    year = {1957},
    doi = {10.1190/1.1438369}
}

@book{macmillan1958,
	title = {Theory of the {Potential}},
	isbn = {0-486-60486-1},
	publisher = {Dover Publications Inc.},
	author = {Macmillan, W. D.},
	year = {1958}
}

@article{henderson1960,
    author = {Roland G. Henderson},
    title = {A comprehensive system of automatic computation in magnetic and gravity interpretation},
    journal = {GEOPHYSICS},
    volume = {25},
    number = {3},
    pages = {569-585},
    year = {1960},
    doi = {10.1190/1.1438736}
}

@article{danes1962,
    author = {Dane\v{s}, Z. F.},
    title = {Structure calculations from gravity data and density logs},
    journal = {Transactions of the Society of Mining Engineers of AIME},
    volume = {223},
    pages = {23-29},
    year = {1962}
}

@article{roy1962,
    author = {Roy, A.},
    title = {Ambiguity in geophysical interpretation},
    journal = {GEOPHYSICS},
    volume = {27},
    number = {1},
    pages = {90-99},
    year = {1962},
    doi = {10.1190/1.1438985}
}

@article{vine-matthews1963,
	title = {Magnetic {Anomalies} {Over} {Oceanic} {Ridges}},
	volume = {199},
	issn = {0028-0836, 1476-4687},
	url = {http://www.nature.com/doifinder/10.1038/199947a0},
	doi = {10.1038/199947a0},
	language = {en},
	number = {4897},
	urldate = {2018-01-17},
	journal = {Nature},
	author = {Vine, F. J. and Matthews, D. H.},
	month = sep,
	year = {1963},
	pages = {947--949}
}

@article{bhattacharyya1964,
    author = {Bhattacharyya, B. K.},
    title = {Magnetic anomalies due to prism-shaped bodies with arbitrary polarization},
    journal = {GEOPHYSICS},
    volume = {29},
    number = {4},
    pages = {517-531},
    year = {1964},
    doi = {10.1190/1.1439386}
}

@article {lafehr1965,
    author = {LaFehr, T. R.},
    title = {The estimation of the total amount of anomalous mass by Gauss's theorem},
    journal = {Journal of Geophysical Research},
    volume = {70},
    number = {8},
    doi = {10.1029/JZ070i008p01911},
    pages = {1911--1919},
    year = {1965}
}


@article {zidarov1965,
   author = {Zidarov, D.},
   title = {SOLUTION OF SOME INVERSE PROBLEMS OF APPLIED GEOPHYSICS},
   journal = {Geophysical Prospecting},
   volume = {13},
   number = {2},
   doi = {10.1111/j.1365-2478.1965.tb01932.x},
   pages = {240-246},
   year = {1965}
}

@article{bhattacharyya1967,
    author = {Bhattacharyya, B. K.},
    title = {Some general properties of potential fields in space and frequency domain: a review},
    journal = {Geoexploration},
    volume = {5},
    pages = {127-143},
    year = {1967},
    doi = {10.1016/0016-7142(67)90021-X}
}

@article {bott1967,
    author = {Bott, M. H. P.},
    title = {Solution of the Linear Inverse Problem in Magnetic Interpretation with Application to Oceanic Magnetic Anomalies},
    journal = {Geophysical Journal of the Royal Astronomical Society},
    volume = {13},
    number = {1-3},
    doi = {10.1111/j.1365-246X.1967.tb02162.x},
    pages = {313-323},
    year = {1967}
}

@inproceedings{weightman1967,
	title = {Gravity, {Geodesy} and {Artificial} {Satellites}. {A} {Unified} {Analytical} {Approach}},
	booktitle = {The {Use} of {Artificial} {Satellites} for {Geodesy}},
	author = {Weightman, J. A.},
	editor = {Veis, G.},
	year = {1967},
	pages = {467}
}

@article{dampney1969,
    author = {Dampney, C. N. G.},
    title = {The equivalent source technique},
    journal = {GEOPHYSICS},
    volume = {34},
    number = {1},
    pages = {39-53},
    year = {1969},
    doi = {10.1190/1.1439996}
}

@article{emilia-bodvarsson1969,
	title = {Numerical methods in the direct interpretation of marine magnetic anomalies},
	volume = {7},
	issn = {0012-821X},
	url = {http://www.sciencedirect.com/science/article/pii/0012821X69900363},
	doi = {https://doi.org/10.1016/0012-821X(69)90036-3},
	number = {2},
	journal = {Earth and Planetary Science Letters},
	author = {Emilia, D. A. and Bodvarsson, G.},
	year = {1969},
	pages = {194 -- 200}
}

@article{henderson1970,
    author = {Roland G. Henderson},
    title = {ON THE VALIDITY OF THE USE OF THE UPWARD CONTINUATION INTEGRAL FOR TOTAL MAGNETIC INTENSITY DATA},
    journal = {GEOPHYSICS},
    volume = {35},
    number = {5},
    pages = {916-919},
    year = {1970},
    doi = {10.1190/1.1440137}
}

@phdthesis{needham1970,
  author       = {Paul Eugene Needham}, 
  title        = {The formation and evaluation of detailed geopotential models based on point masses},
  school       = {The Ohio State University},
  year         = 1970
}

@article{cordell1971,
    author = {Lindrith Cordell and Patrick T. Taylor},
    title = {Investigation of magnetization and density of a north Atlantic seamount using Poisson’s theorem},
    journal = {GEOPHYSICS},
    volume = {36},
    number = {5},
    pages = {919-937},
    year = {1971},
    doi = {10.1190/1.1440224}
}

@article {bott-ingles1972,
    author = {Bott, M. H. P. and Ingles, A.},
    title = {Matrix Methods for Joint Interpretation of Two-dimensional Gravity and Magnetic Anomalies with Application to the Iceland-Faeroe Ridge},
    journal = {Geophysical Journal of the Royal Astronomical Society},
    volume = {30},
    number = {1},
    doi = {10.1111/j.1365-246X.1972.tb06179.x},
    pages = {55--67},
    year = {1972}
}

@incollection {balmino1972,
title = {Representation of the Earth Potential by Buried Masses},
author = {Balmino, Georges},
editor = {S. W. Henriksen, A. Mancini and B. H. Chovitz},
publisher = {American Geophysical Union},
isbn = {9781118663646},
url = {http://dx.doi.org/10.1029/GM015p0121},
doi = {10.1029/GM015p0121},
pages = {121--124},
keywords = {Earth potential, Gravimetric geoid, Gravity anomalies, Satellite geodesy, Satellite motion},
booktitle = {The Use of Artificial Satellites for Geodesy},
year = {1972}
}

@article{emilia1973,
    author = {Emilia, D. A.},
    title = {Equivalent sources used as an analytic base for processing total magnetic field profiles},
    journal = {GEOPHYSICS},
    volume = {38},
    number = {2},
    pages = {339-348},
    year = {1973},
    doi = {10.1190/1.1440344}
}

@article{gunn1975,
    author = {Gunn, P. J.},
    title = {LINEAR TRANSFORMATIONS OF GRAVITY AND MAGNETIC FIELDS},
    journal = {Geophysical Prospecting},
    volume = {23},
    number = {2},
    doi = {10.1111/j.1365-2478.1975.tb01530.x},
    pages = {300-312},
    year = {1975}
}

@article{parker1977,
    author = {Parker, R. L.},
    title = {Understanding Inverse Theory},
    journal = {Annual Review of Earth and Planetary Sciences},
    volume = {5},
    number = {1},
    pages = {35-64},
    year = {1977},
    doi = {10.1146/annurev.ea.05.050177.000343}
}

@book{tikhonov-arsenin1977,
  author = {Tikhonov, A. N. and Arsenin, V. Y.},
  Title = {Solutions of ill-posed problems},
  Publisher = {V. H. Winston \& Sons},
  Year = {1977},
  ISBN = {0470991240}
}

@book{twomey1977,
  author = {S. Twomey},
  Title = {Introduction to the Mathematics of Inversion in Remote Sensing and Indirect Measurements},
  Publisher = {Dover Publications, Inc.},
  Year = {1977},
  ISBN = {0486694518}
}

@article{bhattacharyya-chan1977,
    author = {Bhattacharyya, B. K. and Chan, K. C.}, 
    title = {Reduction of magnetic and gravity data on an arbitrary surface acquired in a region of high topographic relief},
    volume = {42}, 
    number = {7}, 
    pages = {1411-1430}, 
    year = {1977}, 
    doi = {10.1190/1.1440802}, 
    journal = {Geophysics}
}

@article{reilly-herbrechtsmeier1978,
	title = {A systematic approach to modeling the geopotential with point mass anomalies},
	volume = {83},
	issn = {0148-0227},
	url = {http://doi.wiley.com/10.1029/JB083iB02p00841},
	doi = {10.1029/JB083iB02p00841},
	language = {en},
	number = {B2},
	urldate = {2017-09-14},
	journal = {Journal of Geophysical Research},
	author = {Reilly, J. P. and Herbrechtsmeier, E. H.},
	year = {1978},
	pages = {841}
}

@book{goldstein1980,
  Author = {Goldstein, H. and Poole Jr., C. P. and Safko, J. L.},
  Title = {Classical mechanics},
  Publisher = {Addison-Wesley},
  edition = 3,
  Year = {1980},
  ISBN = {0201657023}
}

@article{chandler1981,
    author = {V. W. Chandler and J. S. Koski and W. J. Hinze and L. W. Braile},
    title = {Analysis of multisource gravity and magnetic anomaly data sets by moving‐window application of Poisson’s theorem},
    journal = {GEOPHYSICS},
    volume = {46},
    number = {1},
    pages = {30-39},
    year = {1981},
    doi = {10.1190/1.1441136}
}

@article{vonfrese-etal1981,
    author = "Von{ }Frese, R. R. B. and Hinze, W. J. and Braile, L. W.",    
    title = "Spherical earth gravity and magnetic anomaly analysis by equivalent point source inversion ",
    journal = "Earth and Planetary Science Letters ",
    volume = "53",
    number = "1",
    pages = "69 - 83",
    year = "1981",
    doi = "10.1016/0012-821X(81)90027-3"
}

@article {mayhew1982,
    author = {Mayhew, M. A.},
    title = {Application of satellite magnetic anomaly data to Curie isotherm mapping},
    journal = {Journal of Geophysical Research: Solid Earth},
    volume = {87},
    number = {B6},
    doi = {10.1029/JB087iB06p04846},
    pages = {4846-4854},
    year = {1982}
}

@inproceedings{vermeer1982,
	address = {Gävle, Sweden},
	title = {The use of mass point models for describing the {Finnish} gravity field},
	booktitle = {Proceedings 9th {General} {Meeting} {Nordic} {Geodetic} {Commission}},
	author = {Vermeer, Martin},
	year = {1982}
}

@article{silva-hohmann1984,
    author = {J. B. C. Silva and Gerald W. Hohmann},
    title = {Airborne magnetic susceptibility mapping},
    journal = {Exploration Geophysics},
    volume = {15},
    number = {1},
    pages = {1-13},
    year = {1984},
    doi = {10.1071/EG984001}
}

@article{hansen-miyazaki1984,
    author = {R. O. Hansen and Y. Miyazaki},
    title = {Continuation of potential fields between arbitrary surfaces},
    journal = {GEOPHYSICS},
    volume = {49},
    number = {6},
    pages = {787-795},
    year = {1984},
    doi = {10.1190/1.1441707}
}

@techreport{barthelmes1986,
	address = {Potsdam, Germnay},
	title = {Untersuchungen zur {Approximation} des {\" a}u{\ss}eren {Schwerefeldes} der {Erde} durch {Punktmassen} mit optimierten {Positionen}},
	number = {92},
	author = {Barthelmes, F},
	year = {1986}
}

@article{silva1986,
    author = {Silva, J. B. C.},
    title = {Reduction to the pole as an inverse problem and its application to low-latitude anomalies},
    journal = {GEOPHYSICS},
    volume = {51},
    number = {2},
    pages = {369-382},
    year = {1986},
    doi = {10.1190/1.1442096}
}

@book{vanicek1987,
  Author = {P. Van\'{i}\v{c}ek and E. J. Krakiwsky},
  Title = {Geodesy: The Concepts, Second Edition},
  Publisher = {Elsevier Science},
  Year = {1987},
  ISBN = {0444877770}
}

@inproceedings{barthelmes1988,
	address = {Potsdam, Germnay},
	title = {Local gravity field approximation by point masses with optimized positions},
	booktitle = {Proceedings of the 6th {International} {Symposium} "{Geodesy} and {Physics} of the {Earth}"},
	author = {Barthelmes, F.},
	year = {1988}
}

@article{leao-silva1989,
    author = {J. W. D. Le{\~a}o and J. B. C. Silva},
    title = {Discrete linear transformations of potential field data},
    journal = {GEOPHYSICS},
    volume = {54},
    number = {4},
    pages = {497-507},
    year = {1989},
    doi = {10.1190/1.1442676}
}

@book{menke1989,
  Author = {Willian Menke},
  Title = {Geophysical data analysis: Discrete inverse theory},
  Publisher = {Academic Press, Inc.},
  Year = {1989},
  ISBN = {0-12-490921-3}
}

@article{pilkington-urquhart1990,
    author = {Mark Pilkington and W. E. S. Urquhart},
    title = {Reduction of potential field data to a horizontal plane},
    journal = {GEOPHYSICS},
    volume = {55},
    number = {5},
    pages = {549-555},
    year = {1990},
    doi = {10.1190/1.1442866}
}

@incollection{barthelmes-dietrich1991,
	address = {New York, NY},
	title = {Use of {Point} {Masses} on {Optimized} {Positions} for the {Approximation} of the {Gravity} {Field}},
	isbn = {978-1-4612-3104-2},
	url = {http://dx.doi.org/10.1007/978-1-4612-3104-2_57},
	abstract = {DOI: 10.1007/978-1-4612-3104-2\_57},
	booktitle = {Determination of the {Geoid}: {Present} and {Future}},
	publisher = {Springer New York},
	author = {Barthelmes, F. and Dietrich, R.},
	editor = {Rapp, Richard H. and Sans{\`o}, Fernando},
	year = {1991},
	pages = {484--493}
}

@inproceedings{barthelmes-etal1991,
	address = {Vienna},
	title = {Representation of the global gravity field by point masses on optimized positions based on recent spherical harmonics expansions},
	booktitle = {{XX} {General} {Assembly} of the {International} {Union} of {Geodesy} and {Geophysics} ({IUGG})},
	author = {Barthelmes, F. and Dietrich, R. and Lehmann, R.},
	year = {1991}
}

@article{xia-sprowl1991,
    author = {J. Xia and D. R. Sprowl},
	title = {Correction of topographic distortion in gravity data},
    journal = {GEOPHYSICS},
    volume = {56},
    number = {4},
    doi = {10.1190/1.1443070},
    pages = {537-541},
    year = {1991}
}


@article{lafehr1991,
    author = {T. R. LaFehr},
    title = {Standardization in gravity reduction},
    journal = {GEOPHYSICS},
    volume = {56},
    number = {8},
    pages = {1170-1178},
    year = {1991},
    doi = {10.1190/1.1443137}
}

@article{pedersen1991,
    author = {L. B. Pedersen},
    title = {Relations between potential fields and some equivalent sources},
    journal = {GEOPHYSICS},
    volume = {56},
    number = {7},
    pages = {961-971},
    year = {1991},
    doi = {10.1190/1.1443129}
}

@article{cordell1992,
    author = {Lindrith Cordell},
    title = {A scattered equivalent-source method for interpolation and gridding of potential-field data in three dimensions},
    journal = {GEOPHYSICS},
    volume = {57},
    number = {4},
    pages = {629-636},
    year = {1992},
    doi = {10.1190/1.1443275}
}

@phdthesis{mendonca1992,
  author       = {Mendon{\c c}a, C. A.}, 
  title        = {Interpola{\c c}{\~a}o de dados de campo potencial atrav{\'e}s da camada equivalente},
  school       = {Universidade Federal do Par{\'a}},
  year         = 1992,
  address      = {Bel{\'e}m do Par{\'a}, Brazil}
}

@book{numerical-recipes1992,
  Author = {William H. Press and Brian P. Flannery and Saul A. Teukolsky and William T. Vetterling},
  Title = {Numerical Recipes in C: The Art of Scientific Computing, Second Edition},
  Publisher = {Cambridge University Press},
  Year = {1992},
  ISBN = {0521431085}
}

@article{rudin-etal1992,
	title = {Nonlinear total variation based noise removal algorithms},
	volume = {60},
	issn = {01672789},
	url = {http://linkinghub.elsevier.com/retrieve/pii/016727899290242F},
	doi = {10.1016/0167-2789(92)90242-F},
	language = {en},
	number = {1-4},
	urldate = {2018-01-18},
	journal = {Physica D: Nonlinear Phenomena},
	author = {Rudin, Leonid I. and Osher, Stanley and Fatemi, Emad},
	month = nov,
	year = {1992},
	pages = {259--268}
}

@article{lehmann1993,
  title={The method of free-positioned point masses -- geoid studies on the Gulf of Bothnia},
  author={Lehmann, R{\"u}diger},
  journal={Journal of Geodesy},
  volume={67},
  number={1},
  pages={31--40},
  year={1993},
  publisher={Springer Berlin/Heidelberg}
}

@article{xia-etal1993,
    author = {Xia, Jianghai and Sprowl, Donald R. and Adkins-Heljeson, Dana}, 
    title = {Correction of topographic distortions in potential-field data; a fast and accurate approach},
    volume = {58}, 
    number = {4}, 
    pages = {515-523}, 
    year = {1993}, 
    doi = {10.1190/1.1443434}, 
    journal = {GEOPHYSICS}
}

@article{pawlowski1994,
    author = {Robert S. Pawlowski},
    title = {Green’s equivalent-layer concept in gravity band‐pass filter design},
    journal = {GEOPHYSICS},
    volume = {59},
    number = {1},
    pages = {69-76},
    year = {1994},
    doi = {10.1190/1.1443535}
}

@article{mendonca-silva1994,
    author = {Mendon{\c c}a, C. A. and Silva, J. B. C.},
    title = {The equivalent data concept applied to the interpolation of potential field data},
    journal = {GEOPHYSICS},
    volume = {59},
    number = {5},
    pages = {722-732},
    year = {1994},
    doi = {10.1190/1.1443630}
}

@article{mendonca-silva1995,
    author = {Mendon\c{c}a, C. A. and Silva, J. B. C.},
    title = {Interpolation of potential‐field data by equivalent layer and minimum curvature: A comparative analysis},
    journal = {GEOPHYSICS},
    volume = {60},
    number = {2},
    pages = {399-407},
    year = {1995},
    doi = {10.1190/1.1443776}
}

@book{blakely1996,
  Author = {Richard J. Blakely},
  Title = {Potential Theory in Gravity and Magnetic Applications},
  Publisher = {Cambridge University Press},
  Year = {1996},
  ISBN = {0521575478}
}

@article{chapin1996,
    author = {David A. Chapin},
    title = {The theory of the Bouguer gravity anomaly: A tutorial},
    journal = {The Leading Edge},
    volume = {15},
    number = {5},
    pages = {361-363},
    year = {1996},
    doi = {10.1190/1.1437341}
}

@article {dyment-arkani-hamed1998,
author = {Dyment, J. and Arkani-Hamed, J.},
title = {Equivalent source magnetic dipoles revisited},
journal = {Geophysical Research Letters},
volume = {25},
number = {11},
issn = {1944-8007},
doi = {10.1029/98GL51331},
pages = {2003--2006},
year = {1998}
}

@book{langel-hinze1998,
  Author = {R. A. Langel and W. J. Hinze},
  Title = {The Magnetic Field of the Earth's Lithosphere: The Satellite Perspective},
  Publisher = {Cambridge University Press},
  Year = {1998},
  ISBN = {0521473330}
}

@article{scales-etal1988,
	title = {Fast {Ip} solution of large, sparse, linear systems: {Application} to seismic travel time tomography},
	volume = {75},
	issn = {0021-9991},
	url = {http://www.sciencedirect.com/science/article/pii/0021999188901155},
	doi = {https://doi.org/10.1016/0021-9991(88)90115-5},
	number = {2},
	journal = {Journal of Computational Physics},
	author = {Scales, John A. and Gersztenkorn, Adam and Treitel, Sven},
	year = {1988},
	pages = {314 -- 333}
}

@article{vogel1998,
	title = {Fast, robust total variation-based reconstruction of noisy, blurred images},
	volume = {7},
	issn = {10577149},
	url = {http://ieeexplore.ieee.org/document/679423/},
	doi = {10.1109/83.679423},
	number = {6},
	urldate = {2018-01-18},
	journal = {IEEE Transactions on Image Processing},
	author = {Vogel, C.R. and Oman, M.E.},
	month = jun,
	year = {1998},
	pages = {813--824}
}

@book{jeffreys-jeffreys2000,
   title =     {Methods of Mathematical Physics},
   author =    {H. Jeffreys and B. Jeffreys},
   publisher = {Cambridge University Press},
   isbn =      {978-0-521-66402-8},
   year =      {2000},
   series =    {Cambridge Mathematical Library},
   edition =   {3ed.}
}

@article{nagy-etal2000,
    author={Nagy, D. and Papp, G. and Benedek, J.},
    title={The Gravitational Potential and its Derivatives for the Prism},
    journal={Journal of Geodesy},
    year={2000},
    volume={74},
    number={7-8},
    pages  = {311-326},
    doi={10.1007/s001900000116}
}

@article{glennie-etal2000,
    author={Glennie, C. L. and Schwarz, K. P. and Bruton, A. M. and Forsberg, R. and Olesen, A. V. and Keller, K.},    
    title={A comparison of stable platform and strapdown airborne gravity},
    year={2000},
    journal={Journal of Geodesy},
    volume={74},
    number={5},
    pages={383-389},
    doi={10.1007/s001900000082}
}

@article{hekinian-etal2000,
	title = {Submersible observations of {Equatorial} {Atlantic} mantle: {The} {St}. {Paul} {Fracture} {Zone} region},
	volume = {21},
	issn = {1573-0581},
	url = {https://doi.org/10.1023/A:1004819701870},
	doi = {10.1023/A:1004819701870},
	number = {6},
	journal = {Marine Geophysical Researches},
	author = {Hekinian, R. and Juteau, T. and Gràcia, E. and Sichler, B. and Sichel, S. and Udintsev, G. and Apprioual, R. and Ligi, M.},
	month = nov,
	year = {2000},
	pages = {529--560}
}

@article{claessens-featherstone2001,
	title = {Experiences with {Point}-{Mass} {Gravity} {Field} {Modelling} in the {Perth} {Region}, {Western} {Australia}},
	volume = {75},
	url = {http://hdl.handle.net/20.500.11937/31745},
	journal = {Geomatics Research Australasia},
	author = {Claessens, Sten and Featherstone, W},
	year = {2001},
	pages = {53--86}
}

@Misc{jones2001,
  author =    {Eric Jones and Travis Oliphant and Pearu Peterson and others},
  title =     {{SciPy}: Open source scientific tools for {Python}},
  year =      {2001},
  url = "http://www.scipy.org/",
  note = {[Online; accessed 2016-09-22]}
}

@article{li2001,
    author = {Li, Xiong and G\"{o}tze, Hans-J\"{u}rgen}, 
    title = {Ellipsoid, geoid, gravity, geodesy, and geophysics},
    volume = {66}, 
    number = {6}, 
    pages = {1660-1668}, 
    year = {2001}, 
    doi = {10.1190/1.1487109}, 
    journal = {Geophysics} 
}

@article{sichler-hekinian2002,
	title = {Three-dimensional inversion of marine magnetic anomalies on the equatorial {Atlantic} {Ridge} ({St.} {Paul} {Fracture} {Zone}): Delayed magnetization in a magmatically starved spreading center?},
	volume = {107},
	issn = {01480227},
	url = {http://doi.wiley.com/10.1029/2001JB000401},
	doi = {10.1029/2001JB000401},
	language = {en},
	number = {B12},
	journal = {Journal of Geophysical Research: Solid Earth},
	author = {Sichler, Bertrand and Hékinian, Roger},
	month = dec,
	year = {2002},
	pages = {EPM 7--1--EPM 7--14}
}

@Article{antunes-etal2003,
    author="Antunes, C. and Pail, R. and Catal{\~a}o, J.",
    title="Point Mass Method Applied to the Regional Gravimetric Determination of the Geoid",
    journal="Studia Geophysica et Geodaetica",
    year="2003",
    volume="47",
    number="3",
    pages="495--509",
    issn="1573-1626",
    doi="10.1023/A:1024836032617"
}

@article{fairhead2003,
    author = {J. Derek Fairhead and Christopher M. Green and Denizar Blitzkow},
    title = {The use of GPS in gravity surveys},
    journal = {The Leading Edge},
    volume = {22},
    number = {10},
    pages = {954-959},
    year = {2003},
    doi = {10.1190/1.1623636}
}

@article{hackney-featherstone2003,
    author = {Hackney, R. I. and Featherstone, W. E.}, 
    title = {Geodetic versus geophysical perspectives of the ‘gravity anomaly’},
    volume = {154}, 
    number = {1}, 
    pages = {35-43}, 
    year = {2003}, 
    doi = {10.1046/j.1365-246X.2003.01941.x},
    journal = {Geophysical Journal International} 
}

@inproceedings{boggs-dransfield2004,
  title = {Analysis of errors in gravity derived from the Falcon airborne gravity gradiometer},
  booktitle = { ASEG-PESA Airborne Gravity 2004 Workshop},
  author = {Boggs, D.B. and Dransfield, M.H.},
  publisher = {Geoscience Australia Record},
  year = {2004},
  pages = {135-141},
  file = {}
}

@inproceedings{lane2004,
  title = {Integrating ground and airborne data into regional gravity compilation},
  timestamp = {},
  booktitle = {ASEG-PESA Airborne Gravity 2004 Workshop},
  author = {R. Lane},
  publisher = {Geoscience Australia Record},
  year = {2004},
  pages = {81-97},
  file = {}
}

@article{mendonca2004,
    author = {Carlos Alberto Mendon\c{c}a},
    title = {Automatic determination of the magnetization–density ratio and magnetization inclination from the joint interpretation of 2D gravity and magnetic anomalies},
    journal = {GEOPHYSICS},
    volume = {69},
    number = {4},
    pages = {938-948},
    year = {2004},
    doi = {10.1190/1.1778237}
}

@book{boyd-vander2004,
    author = {Stephen Boyd and Lieven Vandenberghe},
    title = {Convex optimization},
    publisher = {Cambridge University Press},
    year = {2004},
    isbn = {0521833787}
 }
 
@article{guspi-etal2004,
    author = {Gusp{\'i}, Fernando and Introcaso, Antonio and Introcaso, Beatriz}, 
    title = {Gravity-enhanced representation of measured geoid undulations using equivalent sources},
    volume = {159}, 
    number = {1}, 
    pages = {1-8}, 
    year = {2004}, 
    doi = {10.1111/j.1365-246X.2004.02364.x}, 
    journal = {Geophysical Journal International}
}

@book{aster-etal2005,
  Author = {Richard C. Aster and Brian Borchers and Clifford H. Thurber},
  Title = {Parameter Estimation and Inverse Problems (International Geophysics)},
  Publisher = {Academic Press},
  Year = {2005},
  ISBN = {0120656043}
}

@article{hinze2005,
    author = {William J. Hinze and Carlos Aiken and John Brozena and Bernard Coakley and David Dater and Guy Flanagan and     Ren\'{e} Forsberg and Thomas Hildenbrand and G. Randy Keller and James Kellogg and Robert Kucks and Xiong Li and Andre Mainville and Robert Morin and Mark Pilkington and Donald Plouff and Dhananjay Ravat and Daniel Roman and Jamie Urrutia-Fucugauchi and Marc V\'{e}ronneau and Michael Webring and Daniel Winester},
    title = {New standards for reducing gravity data: The North American gravity database},
    journal = {GEOPHYSICS},
    volume = {70},
    number = {4},
    pages = {J25-J32},
    year = {2005},
    doi = {10.1190/1.1988183}
}

@book{hofmann-wellenhof-moritz2005,
  Author = {Bernhard Hofmann-Wellenhof and Helmut Moritz},
  Title = {Physical Geodesy},
  Publisher = {Springer},
  Year = {2005},
  ISBN = {3211235841}
}

@article{maia-etal2005,
	title = {Constraints on age and construction process of the {Foundation} chain submarine volcanoes from magnetic modeling},
	volume = {235},
	issn = {0012821X},
	url = {http://linkinghub.elsevier.com/retrieve/pii/S0012821X05002025},
	doi = {10.1016/j.epsl.2005.02.044},
	language = {en},
	number = {1-2},
	urldate = {2018-01-17},
	journal = {Earth and Planetary Science Letters},
	author = {Maia, M and Dyment, J and Jouannetaud, D},
	month = jun,
	year = {2005},
	pages = {183--199}
}

@article{nabighian-etal2005-grav,
    author = {M. N. Nabighian and M. E. Ander and V. J. S. Grauch and R. O. Hansen and 
              T. R. LaFehr and Y. Li and W. C. Pearson and J. W. Peirce and J. D. Phillips and M. E. Ruder},
    title = {Historical development of the gravity method in exploration},
    journal = {GEOPHYSICS},
    volume = {70},
    number = {6},
    pages = {63ND-89ND},
    year = {2005},
    doi = {10.1190/1.2133785}
}

@article{nabighian-etal2005-mag,
    author = {M. N. Nabighian and V. J. S. Grauch and R. O. Hansen and T. R. LaFehr and Y. Li and 
              J. W. Peirce and J. D. Phillips and M. E. Ruder},
    title = {The historical development of the magnetic method in exploration},
    journal = {GEOPHYSICS},
    volume = {70},
    number = {6},
    pages = {33ND-61ND},
    year = {2005},
    doi = {10.1190/1.2133784}
}

@article{hunter2007,
    author = {Hunter, J. D.},
    title = {Matplotlib: A 2D Graphics Environment},
    journal = {Computing in Science \& Engineering},
    year = {2007},
    volume = {9},
    number = {3}, 
    pages = {90-95},
    doi = {10.1109/MCSE.2007.55},
    url = {http://matplotlib.org}

}

@article{perez2007,
  title = {{{IPython}}: {{A System}} for {{Interactive Scientific Computing}}},
  volume = {9},
  issn = {1521-9615},
  doi = {10.1109/MCSE.2007.53},
  number = {3},
  journal = {Computing in Science \& Engineering},
  author = {{P{\'e}rez}, Fernando and {Granger}, Brian E.},
  month = may,
  year = {2007},
  pages = {21-29},
  url = {http://jupyter.org}
}

@incollection{treatise2007,
    title = "5.02 - The Present and Future Geomagnetic Field ",
    editor = "Schubert, Gerald ",
    booktitle = "Treatise on Geophysics",
    publisher = "Elsevier",
    edition = "Second Edition",
    year = "2015",
    pages = "33-78",
    isbn = "978-0-444-53803-1",
    doi = "10.1016/B978-0-444-53802-4.00096-8",
    author = "G. Hulot and T.J. Sabaka and N. Olsen and A. Fournier"
}

@article {weiss2007,
    author = {Weiss, Benjamin P. and Lima, Eduardo A. and Fong, Luis E. and Baudenbacher, Franz J.},
    title = {Paleomagnetic analysis using SQUID microscopy},
    journal = {J. Geophys. Res.: Solid Earth},
    volume = {112},
    number = {B9},
    doi = {10.1029/2007JB004940},
    year = {2007}
}

@article{maus-etal2009,
	title = {{EMAG}2: {A} 2-arc min resolution {Earth} {Magnetic} {Anomaly} {Grid} compiled from satellite, airborne, and marine magnetic measurements},
	volume = {10},
	issn = {15252027},
	url = {http://doi.wiley.com/10.1029/2009GC002471},
	doi = {10.1029/2009GC002471},
	number = {8},
	journal = {Geochemistry, Geophysics, Geosystems},
	author = {Maus, S. and Barckhausen, U. and Berkenbosch, H. and Bournas, N. and Brozena, J. and Childers, V. and Dostaler, F. and Fairhead, J. D. and Finn, C. and von Frese, R. R. B. and Gaina, C. and Golynsky, S. and Kucks, R. and Lühr, H. and Milligan, P. and Mogren, S. and Müller, R. D. and Olesen, O. and Pilkington, M. and Saltus, R. and Schreckenberger, B. and Thébault, E. and Caratori Tontini, F.},
	month = aug,
	year = {2009},
	pages = {n/a--n/a}
}

@article{motoki2009,
	title = {Taxa de soerguimento atual do arquipélago de {São} {Pedro} e {São} {Paulo}, {Oceano} {Atlântico} {Equatorial}},
	volume = {62},
	issn = {0370-4467},
	url = {http://www.scielo.br/scielo.php?script=sci_arttext&pid=S0370-44672009000300011&lng=pt&tlng=pt},
	doi = {10.1590/S0370-44672009000300011},
	number = {3},
	urldate = {2018-01-18},
	journal = {Rem: Revista Escola de Minas},
	author = {Motoki, Akihisa and Sichel, Susanna Eleonora and Campos, Thomas Ferreira da Costa and Srivastava, Narendra Kumar and Soares, Rodrigo},
	month = sep,
	year = {2009},
	pages = {331--342}
}

@article{guspi-novara2009,
    author={Fernando Gusp{\'i} and Iv{\'a}n Novara},
    title = {Reduction to the pole and transformations of scattered magnetic data using Newtonian equivalent sources},
    journal = {GEOPHYSICS},
    volume = {74},
    number = {5},
    pages = {L67-L73},
    year = {2009},
    doi = {10.1190/1.3170690}
}

@article{campos-etal2010,
	title = {Holocene tectonic uplift of the {St} {Peter} and {St} {Paul} {Rocks} ({Equatorial} {Atlantic}) consistent with emplacement by extrusion},
	volume = {271},
	issn = {00253227},
	url = {http://linkinghub.elsevier.com/retrieve/pii/S0025322710000757},
	doi = {10.1016/j.margeo.2010.02.013},
	language = {en},
	number = {1-2},
	urldate = {2018-01-18},
	journal = {Marine Geology},
	author = {Campos, Thomas F.C. and Bezerra, Francisco H.R. and Srivastava, Narendra K. and Vieira, Marcela M. and Vita-Finzi, Claudio},
	month = may,
	year = {2010},
	pages = {177--186}
}

@article{li-oldenburg2010,
    author={Yaoguo Li and Douglas W. Oldenburg},
    title = {Rapid construction of equivalent sources using wavelets},
    journal = {GEOPHYSICS},
    volume = {75},
    number = {3},
    pages = {L51-L59},
    year = {2010},
    doi = {10.1190/1.3378764}
}

@article{barnes-lumley2011,
    author={Gary Barnes and John Lumley},
    title = {Processing gravity gradient data},
    journal = {GEOPHYSICS},
    volume = {76},
    number = {2},
    pages = {I33-I47},
    year = {2011},
    doi = {10.1190/1.3548548}
}

@article{davis-li2011a,
	title = {Joint processing of total-field and gradient magnetic data},
	volume = {42},
	url = {https://doi.org/10.1071/EG10012},
	doi = {10.1071/EG10012},
	number = {3},
	journal = {Exploration Geophysics},
	author = {Davis, Kristofer and Li, Yaoguo},
	year = {2011},
	pages = {199--206}
}

@article{davis-li2011b,
    author = {Davis, Kristofer and Li, Yaoguo},
    title = {Fast solution of geophysical inversion using adaptive mesh, space-filling curves and wavelet compression},
    journal = {Geophysical Journal International},
    volume = {185},
    number = {1},
    doi = {10.1111/j.1365-246X.2011.04929.x},
    pages = {157-166},
    year = {2011}
}

@article{martins-etal2011,
	title = {Total variation regularization for depth-to-basement estimate: {Part} 1 — {Mathematical} details and applications},
	volume = {76},
	issn = {0016-8033, 1942-2156},
	shorttitle = {Total variation regularization for depth-to-basement estimate},
	url = {http://library.seg.org/doi/10.1190/1.3524286},
	doi = {10.1190/1.3524286},
	language = {en},
	number = {1},
	urldate = {2018-01-18},
	journal = {GEOPHYSICS},
	author = {Martins, Cristiano M. and Lima, Williams A. and Barbosa, Valeria C. and Silva, João B.},
	month = jan,
	year = {2011},
	pages = {I1--I12}
}

@article{walt2011,
   author = "Walt, S. and Colbert, S. C. and Varoquaux, G.",
   title = "The NumPy Array: A Structure for Efficient Numerical Computation",
   journal = "Computing in Science \& Engineering",
   year = "2011",
   volume = "13",
   number = "2", 
   pages = "22-30",
   doi = "10.1109/MCSE.2011.37"
}

@book{whittaker2012,
  Author = {E. T. Whittaker},
  Title = {A History of the Theories of Aether and Electricity: From the Age of Descartes to the Close of the Nineteenth Century (Classic Reprint)},
  Publisher = {Forgotten Books},
  Year = {2012},
  ISBN = {1440044538}
}

@article {baumann_etal2012,
    author = {Baumann, H. and Klingel\'{e}, E.E. and Marson, I.},
    title = {Absolute airborne gravimetry: a feasibility study},
    journal = {Geophysical Prospecting},
    volume = {60},
    number = {2},
    doi = {10.1111/j.1365-2478.2011.00987.x},
    pages = {361-372},
    year = {2012}
}

@article {barnes2012,
    author = {Barnes, Gary},
    title = {Interpolating the gravity field using full tensor gradient measurements},
    journal = {First Break},
    volume = {30},
    pages = {97-101},
    year = {2012}
}

@book{golub-vanloan2013,
  Author = {Gene H. Golub and Charles F. Van Loan},
  Title = {Matrix Computations (Johns Hopkins Studies in the Mathematical Sciences)},
  Publisher = {Johns Hopkins University Press},
  Year = {2013},
  ISBN = {978-1-4214-0794-4}
}

@article{maclennan-li2013,
    author = {MacLennan, Kris and Li, Yaoguo}, 
    title = {Denoising multicomponent CSEM data with equivalent source processing techniques},
    volume = {78}, 
    number = {3}, 
    pages = {E125-E135}, 
    year = {2013}, 
    doi = {10.1190/geo2012-0226.1}, 
    journal = {Geophysics}
}

@article{oliveirajr-etal2013,
    author = {Oliveira{ }Jr., V. C. and Barbosa, V. C. F. and Uieda, L.},
    title = {Polynomial equivalent layer},
    journal = {GEOPHYSICS},
    volume = {78},
    number = {1},
    pages = {G1-G13},
    year = {2013},
    doi = {10.1190/geo2012-0196.1}
}

@InProceedings{uieda2013,
  author    = { Uieda, L. and Oliveira{ }Jr., V. C. and Barbosa, V. C. F.},
  title     = { Modeling the Earth with Fatiando a Terra },
  booktitle = { Proceedings of the 12th Python in Science Conference },
  pages     = { 96 - 103 },
  year      = { 2013 },
  editor    = { St\'efan van der Walt and Jarrod Millman and Katy Huff },
  url = {http://www.fatiando.org}
}

@article {barnes2014,
    author = {Barnes, Gary},
    title = {Reconstructing the gravity gradient anomaly field from surveys with wide line spacing using equivalent source processing: an error analysis},
    journal = {Geophysical Prospecting},
    volume = {62},
    number = {3},
    doi = {10.1111/1365-2478.12098},
    pages = {646-657},
    year = {2014}
}

@article{kara-etal2014,
    author = {Kara, \.{I}. and Bal, O. T. and Tur, H. and Ates, A.},
    title = {A new efficient method for topographic distortion correction, analytical continuation, vertical derivatives and using equivalent source technique: Application to field data},
    journal = {Journal of Applied Geophysics},
    volume = {106},
    pages = {67-76},
    year = {2014},
    doi = {10.1016/j.jappgeo.2014.04.011}
}

@article{li-nabighian-oldenburg2014,
    author = {Yaoguo Li and Misac Nabighian and Douglas W. Oldenburg},
    title = {Using an equivalent source with positivity for low-latitude reduction to the pole without striation},
    journal = {GEOPHYSICS},
    volume = {79},
    number = {6},
    pages = {J81-J90},
    year = {2014},
    doi = {10.1190/geo2014-0134.1}
}

@article{li-li2014,
	title = {Inversion of magnetic anomaly on rugged observation surface in the presence of strong remanent magnetization},
	volume = {79},
	issn = {0016-8033, 1942-2156},
	url = {http://library.seg.org/doi/10.1190/geo2013-0126.1},
	doi = {10.1190/geo2013-0126.1},
	language = {en},
	number = {2},
	urldate = {2018-01-17},
	journal = {GEOPHYSICS},
	author = {Li, Shu-Ling and Li, Yaoguo},
	month = mar,
	year = {2014},
	pages = {J11--J19}
}

@Article{lin-etal2014,
    author="Lin, Miao and Denker, Heiner and M{\"u}ller, J{\"u}rgen",
    title="Regional gravity field modeling using free-positioned point masses",
    journal="Studia Geophysica et Geodaetica",
    year="2014",
    volume="58",
    number="2",
    pages="207--226",
    issn="1573-1626",
    doi="10.1007/s11200-013-1145-7",
    url="http://dx.doi.org/10.1007/s11200-013-1145-7"
}

@misc{maia-etal2015,
	title = {{COLMEIA} cruise report - {Equatorial} {Atlantic} - {St}. {Paul} transform zone},
	language = {en},
	publisher = {Unpublished},
	author = {Maia, Marcia and Birot, Dominique and Brachet, Cédric and Brehme, Isa and Briais, Anne and Brunelli, Daniele and Campos, Thomas and Colosio, Adriana and Moraes, Emanoel De and Donval, Jean-Pierre and Fontes, Fabio and Gaspar, Felipe and Guyader, Vivien and Hémond, Christophe and Konn, Cécile and Marcondes, Milton and Motoki, Akihisa and Mougel, Bérengère and Moura, Denise and Pessanha, Ivo and Scalabrin, Carla and Vale, Eduardo and Sichel, Susanna and {Kaiser De Souza}},
	year = {2015},
	note = {DOI: 10.13140/RG.2.1.3329.8002}
}

@article{oliveirajr-etal2015,
	title = {Estimation of the total magnetization direction of approximately spherical bodies},
	volume = {22},
	copyright = {All rights reserved},
	doi = {10.5194/npg-22-215-2015},
	number = {2},
	journal = {Nonlinear Processes in Geophysics},
	author = {Oliveira{ }Jr, V. C. and Sales, D. P. and Barbosa, V. C. F. and Uieda, L.},
	year = {2015},
	pages = {215--232}
}

@article{maia2016,
	title = {Extreme mantle uplift and exhumation along a transpressive transform fault},
	volume = {9},
	issn = {1752-0894, 1752-0908},
	url = {http://www.nature.com/articles/ngeo2759},
	doi = {10.1038/ngeo2759},
	language = {en},
	number = {8},
	urldate = {2018-01-18},
	journal = {Nature Geoscience},
	author = {Maia, Marcia and Sichel, Susanna and Briais, Anne and Brunelli, Daniele and Ligi, Marco and Ferreira, Nicolas and Campos, Thomas and Mougel, Bérengère and Brehme, Isa and Hémond, Christophe and Motoki, Akihisa and Moura, Denise and Scalabrin, Carla and Pessanha, Ivo and Alves, Eliane and Ayres, Arthur and Oliveira, Pedro},
	month = aug,
	year = {2016},
	pages = {619--623}
}

@article{martinez-li2016,
    author={Cericia Martinez and Yaoguo Li},
    title = {Denoising of gravity gradient data using an equivalent source technique},
    journal = {GEOPHYSICS},
    volume = {81},
    number = {4},
    pages = {G67-G79},
    year = {2016},
    doi = {10.1190/geo2015-0379.1}
}

@article{siqueira-etal2017,
	title = {Fast iterative equivalent-layer technique for gravity data processing: {A} method grounded on excess mass constraint},
	volume = {82},
	copyright = {All rights reserved},
	url = {https://doi.org/10.1190/geo2016-0332.1},
	doi = {10.1190/geo2016-0332.1},
	number = {4},
	journal = {GEOPHYSICS},
	author = {Siqueira, Fillipe C. L. and Oliveira{ }Jr., Vanderlei C. and Barbosa, V. C. F.},
	year = {2017},
	pages = {G57--G69}
}

@article{lu-etal2017,
	title = {Airborne gravimetry of {GEOHALO} mission: Data processing and gravity field modeling},
	issn = {21699313},
	url = {http://doi.wiley.com/10.1002/2017JB014425},
	doi = {10.1002/2017JB014425},
	journal = {Journal of Geophysical Research: Solid Earth},
	author = {Lu, Biao and Barthelmes, Franz and Petrovic, Svetozar and Förste, Christoph and Flechtner, Frank and Luo, Zhicai and He, Kaifei and Li, Min},
	month = dec,
	year = {2017}
}

@article{tang-etal2018,
    author = { Wenwu Tang  and  Yaoguo Li  and  Douglas W. Oldenburg  and  Jianxin Liu },
    title = {Removal of galvanic distortion effects in three-dimensional magnetotelluric data by an equivalent source technique},
    journal = {GEOPHYSICS},
    volume = {0},
    number = {ja},
    pages = {1-54},
    year = {2018},
    doi = {10.1190/geo2016-0668.1},
    URL = {https://doi.org/10.1190/geo2016-0668.1},
    eprint = {https://doi.org/10.1190/geo2016-0668.1}
}