@conference{seg_2020_eqlayer_remanent,
	author = {Shayane P. Gonzalez and Val{\'e}ria C. F.Barbosa and Vanderlei C. Oliveira{ }Jr.},
	title = {Estimate of the remanent magnetization direction via equivalent layer},
	booktitle = {SEG Technical Program Expanded Abstracts 2020},
	year = {2020},
	address = {Online experience},
	organization = {SEG},
	note = {Resumo aceito para apresenta{\c c}{\~a}o online no 90th Annual Meeting da SEG, que ocorrer{\'a} entre os dias 11-16 de Outubro de 2020.}
}

@conference{seg_2020_fast_mag_eqlayer,
	author = {Larissa S. Piauilino and Val{\'e}ria C. F.Barbosa and Vanderlei C. Oliveira{ }Jr.},
	title = {Fast equivalent-layer technique for magnetic data processing},
	booktitle = {SEG Technical Program Expanded Abstracts 2020},
	year = {2020},
	address = {Online experience},
	organization = {SEG},
	note = {Resumo aceito para apresenta{\c c}{\~a}o online no 90th Annual Meeting da SEG, que ocorrer{\'a} entre os dias 11-16 de Outubro de 2020.}
}

@conference{seg_2020_conv_eqlayer,
	author = {Diego Takahashi and Vanderlei C. Oliveira{ }Jr. and Val{\'e}ria C. F.Barbosa},
	title = {Gravity data processing with a convolutional equivalent layer},
	booktitle = {SEG Technical Program Expanded Abstracts 2020},
	year = {2020},
	address = {Online experience},
	organization = {SEG},
	note = {Resumo aceito para apresenta{\c c}{\~a}o online no 90th Annual Meeting da SEG, que ocorrer{\'a} entre os dias 11-16 de Outubro de 2020.}
}

@conference{seg_2019_amplitude,
	author = {Felipe F. Melo and Shayane P. Gonzalez and Val{\'e}ria C. F.Barbosa and Vanderlei C. Oliveira{ }Jr.},
	title = {Amplitude of the magnetic anomaly vector for interpretation at low latitudes},
	booktitle = {SEG Technical Program Expanded Abstracts 2019},
	pages = {1744-1748},
	year = {2019},
	address = {San Antonio, USA},
	doi = {10.1190/segam2019-3215222.1},
	organization = {SEG},
	note = {[abstract co-author]}
}

@conference{sbgf_2019_amplitude,
	author = {Shayane P. Gonzalez and Felipe F. Melo and Val{\'e}ria C. F.Barbosa and Vanderlei C. Oliveira{ }Jr.},
	title = {Amplitude of the magnetic anomaly vector in low latitudes via equivalent layer },
	booktitle = {16th International Congress of the Brazilian Geophysical Society},
	pages = {1-6},
	year = {2019},
	address = {Rio de Janeiro, Brazil},
	doi = {10.22564/16cisbgf2019.028},
	organization = {SBGF},
	note = {[abstract co-author]}
}

@conference{seg_2019_eql_magdir,
	author = {Andr{\'e} L. A. Reis and Val{\'e}ria C. F.Barbosa and Vanderlei C. Oliveira{ }Jr.},
	title = {Equivalent layer technique for estimating magnetization direction},
	booktitle = {SEG Technical Program Expanded Abstracts 2019},
	pages = {1769-1773},
	year = {2019},
	address = {San Antonio, USA},
	doi = {10.1190/segam2019-3216745.1},
	organization = {SEG},
	note = {[abstract co-author]}
}


@conference{sbgf_2019_gradgrav,
	author = {Larissa S. Piauilino and Val{\'e}ria C. F.Barbosa and Vanderlei C. Oliveira{ }Jr.},
	title = {Estimative of the gravity-gradient data from vertical component of gravitational attraction by using the equivalent-layer and fast Fourier transform techniques},
	booktitle = {16th International Congress of the Brazilian Geophysical Society},
	pages = {1-6},
	year = {2019},
	address = {Rio de Janeiro, Brazil},
	doi = {10.22564/16cisbgf2019.235},
	organization = {SBGF},
	note = {[abstract co-author]}
}


@conference{seg_2019_gradgrav,
	author = {Larissa S. Piauilino and Val{\'e}ria C. F.Barbosa and Vanderlei C. Oliveira{ }Jr.},
	title = {Estimative of gravity-gradient tensor components via fast iterative equivalent-layer technique},
	booktitle = {SEG Technical Program Expanded Abstracts 2019},
	pages = {1769-1773},
	year = {2019},
	address = {San Antonio, USA},
	doi = {10.1190/segam2019-3215804.1},
	organization = {SEG},
	note = {[abstract co-author]}
}

@conference{seg_2019_radial_mag,
	author = {Leonardo B. Vital and Vanderlei C. Oliveira{ }Jr. and Val{\'e}ria C. F. Barbosa},
	title = {Radial magnetic inversion to retrieve the geometry of 3D sources},
	booktitle = {SEG Technical Program Expanded Abstracts 2019},
	pages = {1754-1758},
	year = {2019},
	doi = {10.1190/segam2019-3215805.1},
	organization = {SEG},
	note = {[abstract co-author]}
}

@conference{aseg_2019_radial_mag,
	author = {Leonardo B. Vital and Clive Foss and Vanderlei C. Oliveira{ }Jr. and Val{\'e}ria C. F. Barbosa},
	title = {Magnetic Field Inversion â€“ the cost of freedom},
	booktitle = {2nd Australian Exploration Geoscience Conference: From Data to Discovery},
	volume = {2019},
	number = {1},
	pages = {1-5},
	year  = {2019},
	organization = {ASEG},
	publisher = {Taylor \& Francis},
	doi = {10.1080/22020586.2019.12073182},
	note = {[abstract co-author]}
}

@conference{sbgf_2019_4Dgrav,
	author = {Andr{\'e} D. Arelaro and Val{\'e}ria C. F.Barbosa and Vanderlei C. Oliveira{ }Jr.},
	title = {The sensitivity of ocean-bottom gravimeters at deep waters to mass changes in a synthetic hydrocarbon reservoir},
	booktitle = {16th International Congress of the Brazilian Geophysical Society},
	pages = {1-6},
	year = {2019},
	address = {Rio de Janeiro, Brazil},
	doi = {10.22564/16cisbgf2019.242},
	organization = {SBGF},
	note = {[abstract co-author]}
}


@conference{eage_2017_fast_eqlayer,
	author = {Fillipe C. L. Siqueira and Val{\'e}ria C. F.Barbosa and Vanderlei C. Oliveira{ }Jr.},
	title = {Iterative Fast Equivalent-layer Technique},
	booktitle = {79th EAGE Conference and Exhibition 2017 },
	pages = {1-5},
	year = {2017},
	address = {Paris, France},
	doi = {10.3997/2214-4609.201701077},
	organization = {European Association of Geoscientists \& Engineers },
	note = {[abstract co-author]}
}


@conference{latinmag_2017,
  author = {Reis, A. L. A. and Oliveira{ }Jr., V. C.},
  title        = {SED for optimal acquisition design and sensor-to-sample distance applied to scanning magnetic microscopy},
  booktitle    = {Fifth bi-anual meeting of the LATINMAG},
  year         = {2017},
  address      = {Quer\'{e}taro, M\'{e}xico},
  organization = {LATINMAG},
  note         = {[abstract co-author]}
}

@conference{sbgf_2016_elipsoid,
	author = {Diego Takahashi and Vanderlei C. Oliveira{ }Jr.},
	title = {Modelagem magn{\'e}tica de fontes elipsoidais},
	booktitle = {VII Simp{\'o}sio Brasileiro de Geof{\'i}sica},
	pages = {1-5},
	year = {2016},
	address = {Ouro Preto, Brazil},
	doi = {10.22564/7simbgf2016.030},
	organization = {SBGF},
	note = {[attendee, abstract co-author]}
}

@conference{agu_fallmeeting_2016a,
  author = {Reis, A. L. A. and Oliveira{ }Jr., V. C.},
  title        = {Impact of the sensor area, acquisition design and position noise on the estimation of the magnetization distribution within a rectangular rock sample},
  booktitle    = {2016 AGU Fall Meeting},
  year         = {2016},
  address      = {San Francisco, USA},
  organization = {AGU},
  note         = {[attendee, abstract co-author]}
}

@conference{agu_fallmeeting_2016b,
  author = {Hallam, K. A. T. and Oliveira{ }Jr., V. C.},
  title        = {Applications of differential operators in geodetic coordinates},
  booktitle    = {2016 AGU Fall Meeting},
  year         = {2016},
  address      = {San Francisco, USA},
  organization = {AGU},
  note         = {[attendee, abstract co-author]}
}

@conference{iugg_2015a,
  author = {Oliveira{ }Jr., V. C. and Sales, D. P. and Barbosa, V. C. F. and Uieda, L.},
  title        = {Estimating the total magnetization direction of approximately spherical bodies},
  booktitle    = {26th IUGG General Assembly - IAGA - A41 Lithospheric Field Modeling, the WDMAM and Tectonic Implications (Div. V) - A41p-280},
  year         = {2015},
  address      = {Prague, Czech Republic},
  organization = {IUGG},
  note         = {[attendee, abstract co-author, poster presenter]}
}

@conference{iugg_2015b,
  author = {Reis, A. L. A. and Oliveira{ }Jr., V. C. and Yokoyama, E. and Bruno, A. C. and Pereira, J. M. B.},
  title        = {Estimating the magnetization distribution within rectangular rock samples},
  booktitle    = {26th IUGG General Assembly - IAGA - A06d-A06d A06/A07 Applied Rock Magnetism (Div. I) / Theoretical and Experimental Rock Magnetism (Div. I) - IUGG-1853},
  year         = {2015},
  address      = {Prague, Czech Republic},
  organization = {IUGG},
  note         = {[attendee, abstract co-author, oral presenter]}
}

@conference{eage_2014,
  author = {Oliveira{ }Jr., V. C. and Barbosa, V. C. F.},
  title        = {{3-D} Radial Gravity Gradient Inversion Applied to the Interpretation of the {Vinton Salt Dome}, {USA}},
  booktitle    = {76th EAGE Conference and Exhibition 2014},
  year         = {2014},
  address      = {Amsterdam, Netherlands},
  organization = {EAGE},
  note         = {[attendee, expanded abstract author, oral presenter]}
}

@conference{scipy_2013,
  author = {Uieda, L. and Oliveira{ }Jr., V. C. and Barbosa, V. C. F.},
  title        = {Modeling the {Earth} with {Fatiando a Terra}},
  booktitle    = {12th Scientific Computing with Python Conference},
  year         = {2013},
  address      = {Austin, USA},
  organization = {SciPy},
  note         = {[expanded abstract co-author]}
}

@conference{seg_2012,
  author = {Oliveira{ }Jr., V. C. and Barbosa, V. C. F.},
  title        = {Polynomial equivalent layer},
  booktitle    = {SEG Las Vegas 2012 Annual Meeting},
  year         = {2012},
  address      = {Las Vegas, USA},
  organization = {SEG},
  note         = {[expanded abstract author]}
}

@conference{eage_2011,
  author = {Oliveira{ }Jr., V. C. and Barbosa, V. C. F.},
  title        = {{3D} Radial inversion of gravity data for estimating the source's geometry},
  booktitle    = {73rd EAGE Conference and Exhibition incorporating SPE EUROPEC 2011},
  year         = {2011},
  address      = {Vienna, Austria},
  organization = {EAGE},
  note         = {[attendee, expanded abstract author, oral presentation]}
}

@conference{seg_2011,
  author = {Oliveira{ }Jr., V. C. and Barbosa, V. C. F.},
  title        = {Radial gravity inversion constrained by total anomalous mass excess for retrieving {3D} bodies},
  booktitle    = {SEG San Antonio 2011 Annual Meeting},
  year         = {2011},
  address      = {San Antonio, USA},
  organization = {SEG},
  note         = {[expanded abstract author]}
}
