@article{oliveirajr_etal2011,
	author = {Oliveira{ }Jr., Vanderlei C., and Barbosa, Val{\'e}ria C. F. and Silva, Jo{\~a}o B. C.},
	title = "{Source geometry estimation using the mass excess criterion to constrain {3-D} radial inversion of gravity data}",
	journal = {Geophysical Journal International},
	volume = {187},
	number = {2},
	pages = {754-772},
	year = {2011},
	month = {11},
	issn = {0956-540X},
	doi = {10.1111/j.1365-246X.2011.05172.x}
}


@article{oliveirajr_barbosa2013,
	author = {Oliveira{ }Jr., Vanderlei C., and Barbosa, Val{\'e}ria C.F.},
	title = "{{3-D} radial gravity gradient inversion }",
	journal = {Geophysical Journal International},
	volume = {195},
	number = {2},
	pages = {883-902},
	year = {2013},
	month = {09},
	issn = {0956-540X},
	doi = {10.1093/gji/ggt307}
}

@article{melo_etal2013,
	author = {Felipe F. Melo and Val{\'e}ria C. F. Barbosa and Leonardo Uieda and Vanderlei C. Oliveira{ }Jr. and Jo{\~a}o B. C. Silva},
	title = {Estimating the nature and the horizontal and vertical positions of {3D} magnetic sources using {Euler} deconvolution},
	journal = {Geophysics},
	volume = {78},
	number = {6},
	pages = {J87-J98},
	year = {2013},
	doi = {10.1190/geo2012-0515.1},
}

@article{oliveirajr_etal_2013,
	author = {Oliveira{ }Jr., V. C. and Barbosa, V. C. F. and Uieda, L.},
	title = {Polynomial equivalent layer},
	journal = {Geophysics},
	volume = {78},
	number = {1},
	pages = {G1-G13},
	year = {2013},
	doi = {10.1190/geo2012-0196.1}
}

@article{uieda_etal2014,
	author = { Leonardo Uieda  and  Vanderlei C. Oliveira{ }Jr.  and  Val{\'e}ria C. F. Barbosa},
	title = {Geophysical tutorial: {Euler} deconvolution of potential-field data},
	journal = {The Leading Edge},
	volume = {33},
	number = {4},
	pages = {448-450},
	year = {2014},
	doi = {10.1190/tle33040448.1}
}

@Article{oliveirajr_etal_2015,
	AUTHOR = {Oliveira{ }Jr., V. C. and  Sales, D. P. and Barbosa, V. C. F. and Uieda, L.},
	TITLE = {Estimation of the total magnetization direction of approximately spherical bodies},
	JOURNAL = {Nonlinear Processes in Geophysics},
	VOLUME = {22},
	YEAR = {2015},
	NUMBER = {2},
	PAGES = {215--232},
	DOI = {10.5194/npg-22-215-2015}
}

@article{reis_etal2016,
	author = {Reis, A. L. A. and Oliveira{ }Jr., V. C. and Yokoyama, E. and Bruno, A. C. and Pereira, J. M. B.},
	title = {Estimating the magnetization distribution within rectangular rock samples},
	journal = {Geochemistry, Geophysics, Geosystems},
	volume = {17},
	number = {8},
	pages = {3350-3374},
	doi = {10.1002/2016GC006329},
	year = {2016}
}


@article{siqueira_etal_2017,
	author = {Fillipe C. L. Siqueira and Vanderlei C. Oliveira{ }Jr. and Val{\'e}ria C. F. Barbosa},
	title = {Fast iterative equivalent-layer technique for gravity data processing: A method grounded on excess mass constraint},
	journal = {Geophysics},
	volume = {82},
	number = {4},
	pages = {G57-G69},
	year = {2017},
	doi = {10.1190/geo2016-0332.1}	
}

@Article{takahashi_oliveirajr2017,
	AUTHOR = {Takahashi, D. and Oliveira{ }Jr., V. C.},
	TITLE = {Ellipsoids (v1.0): {3-D} magnetic modelling of ellipsoidal bodies},
	JOURNAL = {Geoscientific Model Development},
	VOLUME = {10},
	YEAR = {2017},
	NUMBER = {9},
	PAGES = {3591--3608},
	DOI = {10.5194/gmd-10-3591-2017}
}

@Article{araujo_etal2019_sensors,
	AUTHOR = {Araujo, Jefferson F. D. F. and Reis, Andre L. A. and Oliveira{ }Jr., Vanderlei C. and Santos, Amanda F. and Luz-Lima, Cleanio and Yokoyama, Elder and Mendoza, Leonardo A. F. and Pereira, Jo{\~a}o M. B. and Bruno, Antonio C.},
	TITLE = {Characterizing Complex Mineral Structures in Thin Sections of Geological Samples with a Scanning Hall Effect Microscope},
	JOURNAL = {Sensors},
	VOLUME = {19},
	YEAR = {2019},
	NUMBER = {7},
	ARTICLE-NUMBER = {1636},
	ISSN = {1424-8220},
	DOI = {10.3390/s19071636}
}


@Article{araujo_etal2019_materials,
	AUTHOR = {Araujo, Jefferson F. D. F. and Reis, Andre L. A. and Correa, Angela A. P. and Yokoyama, Elder and Oliveira{ }Jr., Vanderlei C. and Mendoza, Leonardo A. F. and Pacheco, Marcos A. C. and Luz-Lima, Cleanio and Santos, Amanda F. and Osorio G., Fredy G. and Brito, Giancarlo E. and Araujo, Wagner 	W. R. and Tahir and Bruno, Antonio C. and Del Rosso, Tommaso},
	TITLE = {Scanning Magnetic Microscope Using a Gradiometric Configuration for Characterization of Rock Samples},
	JOURNAL = {Materials},
	VOLUME = {12},
	YEAR = {2019},
	NUMBER = {24},
	ARTICLE-NUMBER = {4154},
	PubMedID = {31835752},
	ISSN = {1996-1944},
	DOI = {10.3390/ma12244154}
}

@article{bastos_oliveirajr2020,
	author = {B. Marcela S. Bastos and Vanderlei C. Oliveira{ }Jr.},
	title = {Isostatic constraint for {2D} nonlinear gravity inversion on rifted margins},
	journal = {Geophysics},
	volume = {85},
	number = {1},
	pages = {G17-G34},
	year = {2020},
	doi = {10.1190/geo2018-0772.1}
}

@article{maurya_etal2020,
	author = {Ved P. Maurya and Sergio L. Fontes and Vanderlei C. {Oliveira Jr.} and Emanuele F. {La Terra}},
	title = "{Gradient based first- and second-order filters for the demarcation of continental-oceanic boundaries using satellite gravity data}",
	journal = {Geophysical Journal International},
	volume = {221},
	number = {3},
	pages = {1499-1514},
	year = {2020},
	month = {02},
	issn = {0956-540X},
	doi = {10.1093/gji/ggaa084}
}

@article{reis_etal2020,
	author = { Andr{\'e} L. A. Reis  and  Vanderlei C. Oliveira{ }Jr.  and  Val{\'e}ria C. F. Barbosa },
	title = {Generalized positivity constraint on magnetic equivalent layers},
	journal = {Geophysics},
	volume = {0},
	number = {ja},
	pages = {1-45},
	year = {2020},
	doi = {10.1190/geo2019-0706.1}
}

@article{takahashi_etal2020,
	author = { Diego Takahashi and  Vanderlei C. Oliveira{ }Jr.  and  Val{\'e}ria C. F. Barbosa },
	title = {Convolutional equivalent layer for gravity data processing},
	journal = {Geophysics},
	year = {2020},
	volume = {0},
	pages = {1-54},
	doi = {10.1190/geo2019-0826.1}
}